<record><leader>00000cas a22000007a 4500</leader><controlfield tag="001">11593793</controlfield><controlfield tag="008">850117d18741uuunyuwr ne      0    0eng d</controlfield><datafield ind1=" " ind2=" " tag="010"><subfield code="a">sn 85054015 </subfield></datafield><datafield ind1=" " ind2=" " tag="040"><subfield code="a">NYG</subfield><subfield code="b">eng</subfield><subfield code="c">NYG</subfield><subfield code="d">NYS</subfield><subfield code="d">OCLCQ</subfield></datafield><datafield ind1=" " ind2=" " tag="042"><subfield code="a">msc</subfield></datafield><datafield ind1="0" ind2="0" tag="245"><subfield code="a">Andover advertiser and free press.</subfield></datafield><datafield ind1="1" ind2="3" tag="246"><subfield code="a">Advertiser and free press</subfield></datafield><datafield ind1=" " ind2=" " tag="260"><subfield code="a">Andover, N.Y. :</subfield><subfield code="b">Barnard &amp; Galatian,</subfield><subfield code="c">1874-</subfield></datafield><datafield ind1=" " ind2=" " tag="300"><subfield code="a">v.</subfield></datafield><datafield ind1=" " ind2=" " tag="310"><subfield code="a">Weekly</subfield></datafield><datafield ind1="0" ind2=" " tag="362"><subfield code="a">Vol. 22, no. 9 (May 14, 1874)- = vol. 6, no. 21- = Whole no. 1.153,281-</subfield></datafield><datafield ind1=" " ind2=" " tag="530"><subfield code="a">Available on microfilm from Micro Photo Div., Bell &amp; Howell.</subfield></datafield><datafield ind1=" " ind2="4" tag="651"><subfield code="a">Andover (N.Y.)</subfield><subfield code="v">Newspapers.</subfield></datafield><datafield ind1=" " ind2=" " tag="752"><subfield code="a">United States</subfield><subfield code="b">New York</subfield><subfield code="c">Allegany</subfield><subfield code="d">Andover.</subfield></datafield><datafield ind1="0" ind2="0" tag="780"><subfield code="t">Andover weekly advertiser</subfield><subfield code="w">(DLC)sn 83030623</subfield></datafield></record>